<?xml version="1.0" encoding="UTF-8"?><collection xmlns="http://www.loc.gov/MARC21/slim"><record><leader>00621nam--2200193-u-4500</leader><controlfield tag="001">000055733</controlfield><controlfield tag="002">20161230</controlfield><controlfield tag="005">20170122214341</controlfield><controlfield tag="008">130404s1000------------r-----000-0-fre-d</controlfield><datafield ind1=" " ind2=" " tag="040"><subfield code="a">IFIN-HH</subfield></datafield><datafield ind1=" " ind2=" " tag="041"><subfield code="a">fre</subfield></datafield><datafield ind1=" " ind2=" " tag="080"><subfield code="a">530.145.6</subfield></datafield><datafield ind1="1" ind2=" " tag="100"><subfield code="a">George, Andre</subfield></datafield><datafield ind1="1" ind2="0" tag="245"><subfield code="a">Mecanique quantique et causalite d'apres M. Fermi</subfield><subfield code="b">Exposes de physique theorique publies sous la direction de M. Louis de Broglie</subfield><subfield code="c">Andre George</subfield></datafield><datafield ind1=" " ind2=" " tag="260"><subfield code="a">Paris</subfield><subfield code="b">Hermann Et Cie, Editeurs</subfield><subfield code="c">1932</subfield></datafield><datafield ind1=" " ind2=" " tag="300"><subfield code="a">18 p</subfield></datafield><datafield ind1=" " ind2=" " tag="490"><subfield code="a">Actualites Sceintifiques Et Industrielles</subfield><subfield code="v">Vol. XXXVIII</subfield></datafield><datafield ind1=" " ind2=" " tag="852"><subfield code="a">44448</subfield><subfield code="c">H.H</subfield></datafield><datafield ind1=" " ind2=" " tag="CAT"><subfield code="a">SYS</subfield><subfield code="c">20170122</subfield><subfield code="h">214341</subfield></datafield></record></collection>